% This file was created with JabRef 2.10.
% Encoding: MacRoman


@Article{Vetter2013,
  Title                    = {Meta-analysis: A need for well-defined usage in ecology and conservation biology},
  Author                   = {Vetter, Daniela and R{\"u}cker, Gerta and Storch, Ilse},
  Journal                  = {Ecosphere},
  Year                     = {2013},
  Number                   = {6},
  Pages                    = {art74},
  Volume                   = {4},

  __markedentry            = {[Torfinn:6]},
  File                     = {Vetter2013.pdf:Vetter2013.pdf:PDF},
  Owner                    = {Torfinn},
  Publisher                = {Eco Soc America},
  Timestamp                = {2014.11.12}
}

